%BuchFermatsletzterSatz

@book{Buch,
added-at = {2012-02-22T17:33:01.000+0100},
address = {München},
author = {Singh, Simon and Fritz, Klaus},
biburl = {https://www.bibsonomy.org/bibtex/28224251eaaf546fc7a93f67a19c90627/jakspa},
interhash = {069522ed7d40a3b35f97d2fec1f1748b},
intrahash = {8224251eaaf546fc7a93f67a19c90627},
keywords = {popsci},
publisher = {Dt. Taschenbuch-Verl.},
refid = {174713964},
timestamp = {2012-02-22T17:33:01.000+0100},
title = {Fermats letzter Satz die abenteuerliche Geschichte eines mathematischen Rätsels},
year = 2001
}

@misc{Beweise,
   title = "Was ist ein Beweis?",
   url = "https://www.mathematik.de/algebra/91-erste-hilfe/verzeichnis/beweise-und-beweismethoden/709-was-ist-ein-beweis",
   year = "2021",
   note = "[Online; Stand 3. November 2021, 18:48 Uhr]"
 }
 
@misc{BeweisVektoren,
   author = {Dr. M. Prähofer},
   title = "Grundzüge der Höheren Mathematik 2 für Lehramt an Beruflichen Schulen",
   year = "2017",
   url = "https://www-m5.ma.tum.de/foswiki/pub/M5/Allgemeines/MA9952_2017S/blatt01l.pdf",
   note = "[Online; Stand 3. November 2021, 18:55 Uhr]"
}

@misc{ PythagorasWiki,
   author = "Wikipedia",
   title = "Pythagoras --- Wikipedia{,} die freie Enzyklopädie",
   year = "2021",
   url = "https://de.wikipedia.org/w/index.php?title=Pythagoras&oldid=216990880",
   note = "[Online; Stand 7. November 2021, 21:58 Uhr]"
 }
 
@misc{ PythagorasGeburt,
   author = "Heinz Klaus Strick",
   title = "Pythagoras von Samos (580–500 v. Chr.): Der berühmteste Satz von allen",
   year = "2008",
   url = "https://www.spektrum.de/wissen/pythagoras-von-samos-580-500-v-chr/943152#",
   note = "[Online; Stand 3. Dezember 2021, 18:00 Uhr]"
 }

@misc{PythagorasLeben,
url = {http://dibb.de/pythagoras-geometrie.php},
note = "[Online; Stand 3. Dezember 2021, 20:47 Uhr]"
}

%Beweise

@misc{CutTheKnot,
   author = "Alexander Bogomolny",
   title = "Pythagorean Theorem",
   year = "1966-2016",
   url = "http://www.cut-the-knot.org/pythagoras/index.shtml",
   note = "[Online; Stand 11. Juli 2021, 15:34 Uhr]"
 }

%BeweisvonDaVinci

 @misc{DaVinciGeschichte,
   author = "Wikipedia",
   title = "Leonardo da Vinci",
   year = "2017",
   url = "https://de.wikiquote.org/w/index.php?title=Leonardo_da_Vinci&oldid=500342",
   note = "[Online; abgerufen am 3. Dezember 2021, 19:49 Uhr]"
 }
 
  @misc{DaVinciBeweis,
   author = "Michael Schneider",
   title = "49. Leonardo da Vinci beweist den Satz von Pythagoras",
   year = "2017",
   url = "https://www.mathematicus.at/index.php/view-article/88-49-leonardo-da-vinci-beweist-den-satz-von-pythagoras",
   note = "[Online; abgerufen am 3. Dezember 2021, 19:49 Uhr]"
 }
 
%BeweisvonEuklid

@misc{ Euklid2,
   author = "W.-D. Geyer",
   title = "Euklid: Die Elemente - eine Übersicht",
   year = "2001",
   url = "https://www.math.uni-bielefeld.de/~sek/ez/material/geyer.pdf",
   note = "[Online; Stand 7. November 2021, 17:00 Uhr]"
 }

@misc{ Euklid3,
   author = "J J O'Connor und E F Robertson",
   title = "Euclid of Alexandria",
   year = "1999",
   url = "https://mathshistory.st-andrews.ac.uk/Biographies/Euclid/",
   note = "[Online; Stand 3. Dezember 2021, 19:12 Uhr]"
 }
 
 @misc{ Euklid4,
   author = "Maxls Lehrvideos",
   title = "Beweis nach Euklid - Ein Beweis des Satz des Pythagoras aus der Antike",
   year = "2020",
   url = "https://youtu.be/kg4XKoC6WR4",
   note = "[Online; Stand 3. Dezember 2021, 19:42 Uhr]"
 }

%BeweisvonBhaskara

 @misc{BhaskaraGeschichte1,
   author = "Heinz Klaus Strick",
   title = "Bhaskara (1114–1185)",
   year = "2015",
   url = "https://www.spektrum.de/wissen/bhaskara-indischer-mathematiker-mittelalter/1347574",
   note = "[Online; Stand 3. Dezember 2021, 19:59 Uhr]"
 }

 @misc{BhaskaraGeschichte2,
   author = "Wikipedia",
   title = "Bhaskara II.",
   year = "2021",
   url = "https://de.wikipedia.org/w/index.php?title=Bhaskara_II.&oldid=211786243",
   note = "[Online; Stand 3. Dezember 2021, 20:01 Uhr]"
 }
 
  @misc{BhaskaraBeweis1,
   author = "Prof. Dr. Peter Berger",
   title = "Die Satzgruppe des Pythagoras",
   url = "http://www.prof-dr-berger.de/pdf/BergerSatzgruppeDesPythagoras.pdf",
   note = "[Online; Stand 3. Dezember 2021, 20:05 Uhr]"
 }
 
  @misc{BhaskaraBeweis2,
   author = "KhanAcademyDeutsch",
   title = "Bhaskaras Beweis für den Satz des Pythagoras",
   url = "https://www.youtube.com/watch?v=bub76oCIEto",
   note = "[Online; Stand 3. Dezember 2021, 20:07 Uhr]"
 }
 

%BeweisvonGarfield

  @misc{GarfieldGeschichte,
   title = "GARFIELD, James Abram",
   url = "https://bioguide.congress.gov/search/bio/G000063",
   note = "[Online; Stand 3. Dezember 2021, 20:09 Uhr]"
 }

    @misc{GarfieldBeweis1,
    url = {https://www.schule-bw.de/faecher-und-schularten/mathematisch-naturwissenschaftliche-faecher/mathematik/unterrichtsmaterialien/sekundarstufe1/geometrie/pyth/beweise/ari3.html},
    note = "[Online; Stand 3. Dezember 2021, 20:11 Uhr]"
    }

 @misc{GarfieldBeweis2,
   author = "KhanAcademyDeutsch",
   title = "Garfields Beweis für den Satz des Pythagoras
",
year = "2017",
   url = "https://www.youtube.com/watch?v=XG5PrrH1ito",
   note = "[Online; Stand 3. Dezember 2021, 20:12 Uhr]"
 }
 
%Fermat

 @misc{PythagoreischeZahlentripel,
   author = "Lernhelfer",
   title = "Pythagoreische Zahlentripel",
   year = "2010",
   url = "https://www.lernhelfer.de/schuelerlexikon/mathematik/artikel/pythagoreische-zahlentripel",
   note = "[Online; abgerufen am 3. Dezember 2021, 20:48 Uhr]"
 }

 @misc{FermatsLebenundSatz,
   author = "Frank Romeike",
   title = "Pierre de Fermat, (Mit-)entwickler der Wahrscheinlichkeitsrechnung",
   year = "2007",
   url = "https://www.risknet.de/wissen/whos-who/pierre-de-fermat",
   note = "[Online; abgerufen am 3. Dezember 2021, 20:50 Uhr]"
 }

 @misc{FermatWiki,
   author = "Wikipedia",
   title = "Pierre de Fermat",
   year = "2021",
   url = "https://de.wikipedia.org/w/index.php?title=Pierre_de_Fermat&oldid=216376670",
   note = "[Online; Stand 3. Dezember 2021, 20:51 Uhr]"
 }

 @misc{FermatsLeben,
   title = "Pierre de Fermat (1601- 1663)",
   year = "1998",
   url = "http://www.gm.nw.schule.de/~gymwiehl/prim/fermat.htm",
   note = "[Online; Stand 3. Dezember 2021, 20:53 Uhr]"
 }

 @misc{GroßerFermatscheSatzWiki,
   author = "Wikipedia",
   title = "Großer Fermatscher Satz",
   year = "2021",
   url = "https://de.wikipedia.org/w/index.php?title=Gro\%C3\%9Fer_Fermatscher_Satz&oldid=216890778",
   note = "[Online; Stand 3. Dezember 2021, 20:58 Uhr]"
 }
 
  @misc{Taniyama-Shimura-Vermutung,
   author = "Prof. Dr. Guido Walz",
   title = "Shimura-Taniyama-Vermutung",
   year = "2017",
   url = "https://www.spektrum.de/lexikon/mathematik/shimura-taniyama-vermutung/9725",
   note = "[Online; Stand 3. Dezember 2021, 21:00 Uhr]"
 }
 
  @misc{VollkommeneZahlenFinden,
   title = "Finden Sie die vollkommene Zahl?",
   year = "2018",
   url = "https://www.sueddeutsche.de/bildung/raetsel-der-woche-vollkommene-zahl-1.4078191#:~:text=In\%20der\%20Mathematik\%20gibt\%20es,\%2B\%202\%20\%2B\%203\%20\%3D\%206.",
   note = "[Online; Stand 3. Dezember 2021, 21:28 Uhr]"
 }
 
   @misc{WolfskehlPreis,
   title = "Fermat, Wolfskehl, Wiles und die TU Darmstadt",
   year = "2008",
   url = "https://www.tu-darmstadt.de/universitaet/aktuelles_meldungen/archiv_2/fruehere_jahrgaenge/einzelansicht_1541.de.jsp",
   note = "[Online; Stand 3. Dezember 2021, 21:54 Uhr]"
 }

% Bilder

@misc{BildWiles,
url = {https://mozzochi.org/deligne60/Deligne1/_DSC0024.jpg},
 note = "[Online; Stand 3. Dezember 2021, 22:05 Uhr]"
}
@misc{BildFermat,
url = {https://de.wikipedia.org/wiki/Datei:Pierre_de_Fermat_(F._Poilly).jpg},
note = "[Online; Stand 3. Dezember 2021, 22:06 Uhr]"
}
}
